<record><leader>00000cas a22000007a 4500</leader><controlfield tag="001">20845602</controlfield><controlfield tag="008">900104d18901908mouwr ne      0    0eng d</controlfield><datafield ind1=" " ind2=" " tag="010"><subfield code="a">sn 89067667 </subfield></datafield><datafield ind1=" " ind2=" " tag="040"><subfield code="a">MQN</subfield><subfield code="b">eng</subfield><subfield code="c">MQN</subfield><subfield code="d">OCLCQ</subfield></datafield><datafield ind1=" " ind2=" " tag="042"><subfield code="a">msc</subfield></datafield><datafield ind1="0" ind2="0" tag="245"><subfield code="a">Ray County republican.</subfield></datafield><datafield ind1=" " ind2=" " tag="260"><subfield code="a">Richmond, Mo. :</subfield><subfield code="b">Will M. Dunn</subfield></datafield><datafield ind1=" " ind2=" " tag="300"><subfield code="a">v.</subfield></datafield><datafield ind1=" " ind2=" " tag="310"><subfield code="a">Weekly</subfield></datafield><datafield ind1="1" ind2=" " tag="362"><subfield code="a">Began in 1890? Ceased in 1908?</subfield></datafield><datafield ind1=" " ind2=" " tag="515"><subfield code="a">Numbering is irregular.</subfield></datafield><datafield ind1=" " ind2=" " tag="588"><subfield code="a">Description based on: 9th year, no. 11 (Nov. 8, 1906).</subfield></datafield><datafield ind1=" " ind2=" " tag="752"><subfield code="a">United States</subfield><subfield code="b">Missouri</subfield><subfield code="c">Ray</subfield><subfield code="d">Richmond.</subfield></datafield><datafield ind1="0" ind2="4" tag="785"><subfield code="t">Richmond Missourian</subfield><subfield code="w">(DLC)sn 84020120</subfield></datafield></record>